@article{haskell12,
 author      ="Hudak, P. and Peyton Jones, S. L. and Wadler (editors), P.",
 title       ="Report on the Programming Language Haskell, A 
               Non-strict Purely Functional Language (Version 1.2)",
 volume      ="Mar",
 journal     ="SIGPLAN Notices",
 year        ="1992",
 url = "ftp://haskell.org/pub/report/report12.ps.gz"
}

@Misc{monads,
  author =	 {P. Wadler},
  title =	 {Monads},
  howpublished = {\verb!http://www.cs.bell-labs.com/who/wadler/topics/monads.html!},
  documentURL = "http://www.cs.bell-labs.com/who/wadler/topics/monads.html",
}

@inproceedings{monads2,
	TITLE	= {{Comprehending Monads}},
	AUTHOR = {P. Wadler},
	BOOKTITLE = {{Proceedings of the 1990 ACM Conference on Lisp and Functional Programming}},
	ADDRESS = {Nice, France},
	PAGES = {61--77},
	YEAR = {1990}
}

@phdthesis{jhoe,
	 AUTHOR  = {J. Hoe},
	 TITLE	 = {{Operation-Centric Hardware Description and Synthesis}},
	 SCHOOL  = {Massachusetts Institute of Technology},
	 ADDRESS = {Cambridge, MA},
	 MONTH   = {June},
         YEAR    = {2000}, 
}

